@article{wilson2020multiple,
  title={{Multiple COVID-19 clusters on a university campusâ€”North Carolina, August 2020}},
  author={Wilson, Erica and Donovan, Catherine V and Campbell, Margaret and Chai, Thevy and Pittman, Kenneth and Se{\~n}a, Arlene C and Pettifor, Audrey and Weber, David J and Mallick, Aditi and Cope, Anna and others},
  journal={Morbidity and Mortality Weekly Report},
  volume={69},
  number={39},
  pages={1416},
  year={2020},
  publisher={Centers for Disease Control and Prevention}
}

@article{currie2021interventions,
  title={{Interventions to Disrupt Coronavirus Disease Transmission at a University, Wisconsin, USA, August--October 2020}},
  author={Currie, Dustin W and Moreno, Gage K and Delahoy, Miranda J and Pray, Ian W and Jovaag, Amanda and Braun, Katarina M and Cole, Devlin and Shechter, Todd and Fajardo, Geroncio C and Griggs, Carol and others},
  journal={Emerging infectious diseases},
  volume={27},
  number={11},
  pages={2776},
  year={2021},
  publisher={Centers for Disease Control and Prevention}
}

@article{prunas2022vaccination,
  title={{Vaccination with BNT162b2 reduces transmission of SARS-CoV-2 to household contacts in Israel}},
  author={Prunas, Ottavia and Warren, Joshua L and Crawford, Forrest W and Gazit, Sivan and Patalon, Tal and Weinberger, Daniel M and Pitzer, Virginia E},
  journal={Science},
  pages={eabl4292},
  year={2022},
  publisher={American Association for the Advancement of Science}
}



@article{frazier2022modeling,
  title={{Modeling for COVID-19 college reopening decisions: Cornell, a case study}},
  author={Frazier, Peter I and Cashore, J Massey and Duan, Ning and Henderson, Shane G and Janmohamed, Alyf and Liu, Brian and Shmoys, David B and Wan, Jiayue and Zhang, Yujia},
  journal={Proceedings of the National Academy of Sciences},
  volume={119},
  number={2},
  year={2022},
  publisher={National Acad Sciences}
}

@article{cdcisolation,
  title={What We Know About Quarantine and Isolation: Why {CDC} Shortened Isolation and Quarantine for the General Population},
  author={{Centers for Disease Control and Prevention}},
  year={2022},
  url={\url{https://www.cdc.gov/coronavirus/2019-ncov/if-you-are-sick/quarantine-isolation-background.html}}
}

@article{soljak2022reducing,
  title={{Reducing the COVID-19 isolation period in England: a policy change that needs careful evaluation}},
  author={Soljak, Michael and Majeed, Azeem},
  journal={BMJ},
  volume={376},
  year={2022},
  publisher={British Medical Journal Publishing Group}
}

@article{quilty2022test,
  title={{Test to release from isolation after testing positive for SARS-CoV-2}},
  author={Quilty, Billy J and Pulliam, Juliet RC and Pearson, Carl AB},
  journal={medRxiv},
  year={2022},
  publisher={Cold Spring Harbor Laboratory Press},
  url={\url{https://www.medrxiv.org/content/10.1101/2022.01.04.21268372v1}}
}

@article{viboud2006synchrony,
  title={Synchrony, waves, and spatial hierarchies in the spread of influenza},
  author={Viboud, C{\'e}cile and Bj{\o}rnstad, Ottar N and Smith, David L and Simonsen, Lone and Miller, Mark A and Grenfell, Bryan T},
  journal={science},
  volume={312},
  number={5772},
  pages={447--451},
  year={2006},
  publisher={American Association for the Advancement of Science}
}

@article{grenfell2001travelling,
  title={Travelling waves and spatial hierarchies in measles epidemics},
  author={Grenfell, Bryan T and Bj{\o}rnstad, Ottar N and Kappey, Jens},
  journal={Nature},
  volume={414},
  number={6865},
  pages={716--723},
  year={2001},
  publisher={Nature Publishing Group}
}

@article{baker2019epidemic,
  title={Epidemic dynamics of respiratory syncytial virus in current and future climates},
  author={Baker, Rachel E and Mahmud, Ayesha S and Wagner, Caroline E and Yang, Wenchang and Pitzer, Virginia E and Viboud, Cecile and Vecchi, Gabriel A and Metcalf, C Jessica E and Grenfell, Bryan T},
  journal={Nature communications},
  volume={10},
  number={1},
  pages={1--8},
  year={2019},
  publisher={Nature Publishing Group}
}

@article{elderd2006uncertainty,
  title={Uncertainty in predictions of disease spread and public health responses to bioterrorism and emerging diseases},
  author={Elderd, Bret D and Dukic, Vanja M and Dwyer, Greg},
  journal={Proceedings of the National Academy of Sciences},
  volume={103},
  number={42},
  pages={15693--15697},
  year={2006},
  publisher={National Acad Sciences}
}

@article{hellewell2020feasibility,
  title={{Feasibility of controlling COVID-19 outbreaks by isolation of cases and contacts}},
  author={Hellewell, Joel and Abbott, Sam and Gimma, Amy and Bosse, Nikos I and Jarvis, Christopher I and Russell, Timothy W and Munday, James D and Kucharski, Adam J and Edmunds, W John and Sun, Fiona and others},
  journal={The Lancet Global Health},
  volume={8},
  number={4},
  pages={e488--e496},
  year={2020},
  publisher={Elsevier}
}

@article{baker2021limits,
  title={{The limits of SARS-CoV-2 predictability}},
  author={Baker, Rachel E and Park, Sang Woo and Wagner, Caroline E and Metcalf, C Jessica E},
  journal={Nature Ecology \& Evolution},
  volume={5},
  number={8},
  pages={1052--1054},
  year={2021},
  publisher={Nature Publishing Group}
}

@article{galanti2021social,
  title={Social distancing remains key during vaccinations},
  author={Galanti, Marta and Pei, Sen and Yamana, Teresa K and Angulo, Frederick J and Charos, Apostolos and Swerdlow, David L and Shaman, Jeffrey},
  journal={Science},
  volume={371},
  number={6528},
  pages={473--474},
  year={2021},
  publisher={American Association for the Advancement of Science}
}

@article{metcalf2020mathematical,
  title={Mathematical models to guide pandemic response},
  author={Metcalf, C Jessica E and Morris, Dylan H and Park, Sang Woo},
  journal={Science},
  volume={369},
  number={6502},
  pages={368--369},
  year={2020},
  publisher={American Association for the Advancement of Science}
}

@article{kraemer2021monitoring,
  title={{Monitoring key epidemiological parameters of SARS-CoV-2 transmission}},
  author={Kraemer, Moritz UG and Pybus, Oliver G and Fraser, Christophe and Cauchemez, Simon and Rambaut, Andrew and Cowling, Benjamin J},
  journal={Nature medicine},
  volume={27},
  number={11},
  pages={1854--1855},
  year={2021},
  publisher={Nature Publishing Group}
}

@article{flaxman2020estimating,
  title={{Estimating the effects of non-pharmaceutical interventions on COVID-19 in Europe}},
  author={Flaxman, Seth and Mishra, Swapnil and Gandy, Axel and Unwin, H Juliette T and Mellan, Thomas A and Coupland, Helen and Whittaker, Charles and Zhu, Harrison and Berah, Tresnia and Eaton, Jeffrey W and others},
  journal={Nature},
  volume={584},
  number={7820},
  pages={257--261},
  year={2020},
  publisher={Nature Publishing Group}
}

@article{kissler2020projecting,
  title={{Projecting the transmission dynamics of SARS-CoV-2 through the postpandemic period}},
  author={Kissler, Stephen M and Tedijanto, Christine and Goldstein, Edward and Grad, Yonatan H and Lipsitch, Marc},
  journal={Science},
  volume={368},
  number={6493},
  pages={860--868},
  year={2020},
  publisher={American Association for the Advancement of Science}
}

@article{lavine2021immunological,
  title={{Immunological characteristics govern the transition of COVID-19 to endemicity}},
  author={Lavine, Jennie S and Bjornstad, Ottar N and Antia, Rustom},
  journal={Science},
  volume={371},
  number={6530},
  pages={741--745},
  year={2021},
  publisher={American Association for the Advancement of Science}
}

@article{saad2020immune,
  title={{Immune life history, vaccination, and the dynamics of SARS-CoV-2 over the next 5 years}},
  author={Saad-Roy, Chadi M and Wagner, Caroline E and Baker, Rachel E and Morris, Sinead E and Farrar, Jeremy and Graham, Andrea L and Levin, Simon A and Mina, Michael J and Metcalf, C Jessica E and Grenfell, Bryan T},
  journal={Science},
  volume={370},
  number={6518},
  pages={811--818},
  year={2020},
  publisher={American Association for the Advancement of Science}
}

@article{saad2021epidemiological,
  title={{Epidemiological and evolutionary considerations of SARS-CoV-2 vaccine dosing regimes}},
  author={Saad-Roy, Chadi M and Morris, Sinead E and Metcalf, C Jessica E and Mina, Michael J and Baker, Rachel E and Farrar, Jeremy and Holmes, Edward C and Pybus, Oliver G and Graham, Andrea L and Levin, Simon A and others},
  journal={Science},
  volume={372},
  number={6540},
  pages={363--370},
  year={2021},
  publisher={American Association for the Advancement of Science}
}

@article{mcgee2021model,
  title={{Model-driven mitigation measures for reopening schools during the COVID-19 pandemic}},
  author={McGee, Ryan Seamus and Homburger, Julian R and Williams, Hannah E and Bergstrom, Carl T and Zhou, Alicia Y},
  journal={Proceedings of the National Academy of Sciences},
  volume={118},
  number={39},
  year={2021},
  publisher={National Acad Sciences}
}

@article{lopman2021modeling,
  title={{A modeling study to inform screening and testing interventions for the control of SARS-CoV-2 on university campuses}},
  author={Lopman, Ben and Liu, Carol Y and Le Guillou, Adrien and Handel, Andreas and Lash, Timothy L and Isakov, Alexander P and Jenness, Samuel M},
  journal={Scientific reports},
  volume={11},
  number={1},
  pages={1--11},
  year={2021},
  publisher={Nature Publishing Group}
}

@article{klein2021higher,
  title={{Higher education responses to COVID-19 in the United States: Evidence for the impacts of university policy}},
  author={Klein, Brennan and Generous, Nicholas and Chinazzi, Matteo and Bhadricha, Zarana and Gunashekar, Rishab and Kori, Preeti and Li, Bodian and McCabe, Stefan and Green, Jon and Lazer, David and others},
  journal={medRxiv},
  year={2021},
  publisher={Cold Spring Harbor Laboratory Press},
  url={\url{https://www.medrxiv.org/content/10.1101/2021.10.07.21264419v2}}
}

@article{brook2021optimizing,
  title={{Optimizing COVID-19 control with asymptomatic surveillance testing in a university environment}},
  author={Brook, Cara E and Northrup, Graham R and Ehrenberg, Alexander J and Doudna, Jennifer A and Boots, Mike and IGI SARS-CoV-2 Testing Consortium and others},
  journal={Epidemics},
  volume={37},
  pages={100527},
  year={2021},
  publisher={Elsevier}
}

@article{lopman2020model,
  title={{A model of COVID-19 transmission and control on university campuses}},
  author={Lopman, Ben and Liu, Carol Y and Le Guillou, Adrien and Lash, Timothy L and Isakov, Alexander P and Jenness, Samuel M},
  journal={MedRxiv},
  year={2020},
  publisher={Cold Spring Harbor Laboratory Press},
  url={\url{https://www.medrxiv.org/content/10.1101/2020.06.23.20138677v3}}
}

@article{paltiel2020assessment,
  title={{Assessment of SARS-CoV-2 screening strategies to permit the safe reopening of college campuses in the United States}},
  author={Paltiel, A David and Zheng, Amy and Walensky, Rochelle P},
  journal={JAMA network open},
  volume={3},
  number={7},
  pages={e2016818--e2016818},
  year={2020},
  publisher={American Medical Association}
}

@article{gibson2021surveillance,
  title={{Surveillance-to-Diagnostic Testing Program for Asymptomatic SARS-CoV-2 Infections on a Large, Urban Campus in Fall 2020}},
  author={Gibson, Greg and Weitz, Joshua S and Shannon, Michael P and Holton, Benjamin and Bryksin, Anton and Liu, Brian and Sieglinger, Madeline and Coenen, Ashley R and Zhao, Conan and Beckett, Stephen J and others},
  journal={Epidemiology},
  volume={33},
  number={2},
  pages={209--216},
  year={2021},
  publisher={Wolters Kluwer}
}

@article{dukeoutbreak,
  title={{Important COVID updates for undergrads, Aug. 30}},
  author={{Duke University}},
  year={2021},
  url={\url{https://coronavirus.duke.edu/2021/08/important-covid-updates-for-undergrads-aug-30/}}
}

@article{harvardoutbreak,
  title={{Increase in COVID-19 cases, Take Steps to Protect Yourself \& Our Community}},
  author={{Harvard University}},
  year={2021},
  url={\url{https://www.harvard.edu/coronavirus/increase-in-covid-19-cases-take-steps-to-protect-yourself-our-community/}}
}

@article{pearson2021bounding,
  title={{Bounding the levels of transmissibility \& immune evasion of the Omicron variant in South Africa}},
  author={Pearson, Carl AB and Silal, Sheetal P and Li, Michael WZ and Dushoff, Jonathan and Bolker, Benjamin M and Abbott, Sam and van Schalkwyk, Cari and Davies, Nicholas G and Barnard, Rosanna C and Edmunds, W John and others},
  journal={medRxiv},
  year={2021},
  publisher={Cold Spring Harbor Laboratory Press},
  url={\url{https://www.medrxiv.org/content/10.1101/2021.12.19.21268038v1}}
}

@article {Sun2022.02.11.22270854,
	author = {Sun, Kaiyuan and Tempia, Stefano and Kleynhans, Jackie and von Gottberg, Anne and McMorrow, Meredith L and Wolter, Nicole and Bhiman, Jinal N. and Moyes, Jocelyn and du Plessis, Mignon and Carrim, Maimuna and Buys, Amelia and Martinson, Neil A and Kahn, Kathleen and Tollman, Stephen and Lebina, Limakatso and Wafawanaka, Floidy and du Toit, Jacques and G{\'o}mez-Oliv{\'e}, Francesc Xavier and Mkhencele, Thulisa and Viboud, C{\'e}cile and Cohen, Cheryl and the PHIRST group},
	title = {{Persistence of SARS-CoV-2 immunity, Omicron's footprints, and projections of epidemic resurgences in South African population cohorts}},
	elocation-id = {2022.02.11.22270854},
	year = {2022},
	doi = {10.1101/2022.02.11.22270854},
	publisher = {Cold Spring Harbor Laboratory Press},
	URL = {\url{https://www.medrxiv.org/content/early/2022/02/13/2022.02.11.22270854}},
	journal = {medRxiv}
}

@article{brett2020transmission,
  title={{Transmission dynamics reveal the impracticality of COVID-19 herd immunity strategies}},
  author={Brett, Tobias S and Rohani, Pejman},
  journal={Proceedings of the National Academy of Sciences},
  volume={117},
  number={41},
  pages={25897--25903},
  year={2020},
  publisher={National Acad Sciences}
}

@article{he2010plug,
  title={Plug-and-play inference for disease dynamics: measles in large and small populations as a case study},
  author={He, Daihai and Ionides, Edward L and King, Aaron A},
  journal={Journal of the Royal Society Interface},
  volume={7},
  number={43},
  pages={271--283},
  year={2010},
  publisher={The Royal Society}
}

@article{tartof2021effectiveness,
  title={{Effectiveness of mRNA BNT162b2 COVID-19 vaccine up to 6 months in a large integrated health system in the USA: a retrospective cohort study}},
  author={Tartof, Sara Y and Slezak, Jeff M and Fischer, Heidi and Hong, Vennis and Ackerson, Bradley K and Ranasinghe, Omesh N and Frankland, Timothy B and Ogun, Oluwaseye A and Zamparo, Joann M and Gray, Sharon and others},
  journal={The Lancet},
  volume={398},
  number={10309},
  pages={1407--1416},
  year={2021},
  publisher={Elsevier}
}

@article{ferguson2021report,
  title={{Report 49: Growth, population distribution and immune escape of Omicron in England}},
  author={Ferguson, Neil and Ghani, Azra and Cori, Anne and Hogan, Alexandra and Hinsley, Wes and Volz, E},
  year={2021},
  url={\url{https://www.imperial.ac.uk/mrc-global-infectious-disease-analysis/covid-19/report-49-Omicron/}}
}

@article{fox2021response,
  title={{Response to a COVID-19 outbreak on a university campusâ€”Indiana, August 2020}},
  author={Fox, Mark D and Bailey, David C and Seamon, Michael D and Miranda, Marie Lynn},
  journal={Morbidity and Mortality Weekly Report},
  volume={70},
  number={4},
  pages={118},
  year={2021},
  publisher={Centers for Disease Control and Prevention}
}

@article{hamer2021assessment,
  title={{Assessment of a COVID-19 control plan on an urban university campus during a second wave of the pandemic}},
  author={Hamer, Davidson H and White, Laura F and Jenkins, Helen E and Gill, Christopher J and Landsberg, Hannah E and Klapperich, Catherine and Bulekova, Katia and Platt, Judy and Decarie, Linette and Gilmore, Wayne and others},
  journal={JAMA Network Open},
  volume={4},
  number={6},
  pages={e2116425--e2116425},
  year={2021},
  publisher={American Medical Association}
}

@Article{10.12688/wellcomeopenres.15842.3,
AUTHOR = {Endo, A and {Centre for the Mathematical Modelling of Infectious Diseases COVID-19 Working Group} and Abbott, S and Kucharski, AJ and Funk, S},
TITLE = {{Estimating the overdispersion in COVID-19 transmission using outbreak sizes outside China [version 3; peer review: 2 approved]}
},
JOURNAL = {Wellcome Open Research},
VOLUME = {5},
YEAR = {2020},
NUMBER = {67},
DOI = {10.12688/wellcomeopenres.15842.3}
}

@article{lavezzo2020suppression,
  title={{Suppression of a SARS-CoV-2 outbreak in the Italian municipality of Voâ€™}},
  author={Lavezzo, Enrico and Franchin, Elisa and Ciavarella, Constanze and Cuomo-Dannenburg, Gina and Barzon, Luisa and Del Vecchio, Claudia and Rossi, Lucia and Manganelli, Riccardo and Loregian, Arianna and Navarin, Nicolo and others},
  journal={Nature},
  volume={584},
  number={7821},
  pages={425--429},
  year={2020},
  publisher={Nature Publishing Group}
}

@article{moreira2022safety,
  title={Safety and Efficacy of a Third Dose of {BNT162b2} {COVID-19} Vaccine},
  author={Moreira Jr, Edson D and Kitchin, Nicholas and Xu, Xia and Dychter, Samuel S and Lockhart, Stephen and Gurtman, Alejandra and Perez, John L and Zerbini, Cristiano and Dever, Michael E and Jennings, Timothy W and others},
  journal={New England Journal of Medicine},
  year={2022},
  publisher={Mass Medical Soc}
}

@article{koelle2022changing,
  title={{The changing epidemiology of SARS-CoV-2}},
  author={Koelle, Katia and Martin, Michael A and Antia, Rustom and Lopman, Ben and Dean, Natalie E},
  journal={Science},
  volume={375},
  number={6585},
  pages={1116--1121},
  year={2022},
  publisher={American Association for the Advancement of Science}
}

@article{cobey2020modeling,
  title={Modeling infectious disease dynamics},
  author={Cobey, Sarah},
  journal={Science},
  volume={368},
  number={6492},
  pages={713--714},
  year={2020},
  publisher={American Association for the Advancement of Science}
}

@article{holmdahl2020wrong,
  title={{Wrong but usefulâ€”what COVID-19 epidemiologic models can and cannot tell us}},
  author={Holmdahl, Inga and Buckee, Caroline},
  journal={New England Journal of Medicine},
  volume={383},
  number={4},
  pages={303--305},
  year={2020},
  publisher={Mass Medical Soc}
}

@article{princetonstudents,
  title={},
  note={\url{https://www.princeton.edu/meet-princeton/our-students}}

}

@article{grenfell1997meta,
  title={(Meta) population dynamics of infectious diseases},
  author={Grenfell, Bryan and Harwood, John},
  journal={Trends in ecology \& evolution},
  volume={12},
  number={10},
  pages={395--399},
  year={1997},
  publisher={Elsevier}
}
